@article{DBLP:journals/corr/DongLHT15,
  author    = {Chao Dong and
               Chen Change Loy and
               Kaiming He and
               Xiaoou Tang},
  title     = {Image Super-Resolution Using Deep Convolutional Networks},
  journal   = {CoRR},
  volume    = {abs/1501.00092},
  year      = {2015},
  url       = {http://arxiv.org/abs/1501.00092},
  archivePrefix = {arXiv},
  eprint    = {1501.00092},
  timestamp = {Mon, 13 Aug 2018 16:46:08 +0200},
  biburl    = {https://dblp.org/rec/bib/journals/corr/DongLHT15},
  bibsource = {dblp computer science bibliography, https://dblp.org}
}
@article{DBLP:journals/corr/ShiCHTABRW16,
  author    = {Wenzhe Shi and
               Jose Caballero and
               Ferenc Husz{\'{a}}r and
               Johannes Totz and
               Andrew P. Aitken and
               Rob Bishop and
               Daniel Rueckert and
               Zehan Wang},
  title     = {Real-Time Single Image and Video Super-Resolution Using an Efficient
               Sub-Pixel Convolutional Neural Network},
  journal   = {CoRR},
  volume    = {abs/1609.05158},
  year      = {2016},
  url       = {http://arxiv.org/abs/1609.05158},
  archivePrefix = {arXiv},
  eprint    = {1609.05158},
  timestamp = {Mon, 13 Aug 2018 16:47:09 +0200},
  biburl    = {https://dblp.org/rec/bib/journals/corr/ShiCHTABRW16},
  bibsource = {dblp computer science bibliography, https://dblp.org}
}

@ARTICLE{6316136, 
author={G. J. {Sullivan} and J. {Ohm} and W. {Han} and T. {Wiegand}},
journal={IEEE Transactions on Circuits and Systems for Video Technology},
title={Overview of the High Efficiency Video Coding (HEVC) Standard},
year={2012},
volume={22},
number={12},
pages={1649-1668},
keywords={video coding;high efficiency video coding standard;ITU-T Video Coding Experts Group;ISO-IEC Moving Picture Experts Group;HEVC standardization effort;compression performance improvement;bit-rate reduction;equal perceptual video quality;technical features;Video coding;ISO standards;Video compression;MPEG 4 Standard;MPEG standards;Advanced video coding (AVC);H.264;High Efficiency Video Coding (HEVC);Joint Collaborative Team on Video Coding (JCT-VC);Moving Picture Experts Group (MPEG);MPEG-4;standards;Video Coding Experts Group (VCEG);video compression},
doi={10.1109/TCSVT.2012.2221191},
ISSN={1051-8215},
month={Dec},}
